4326 6006
639 590 669 645 2

643 728 834 815 tertdunz
864 730 1053 812 extitisti
1062 790 1074 809 .
1108 721 1224 810 Cum
1259 729 1376 808 enim
1410 750 1489 836 ego
1515 724 1757 805 domemus
1782 719 1966 830 impedi·

645 887 716 955 tus
742 867 1114 981 dffeultutibus‚
1145 895 1200 948 ac
1233 869 1494 980 quotidiana
1534 894 1732 976 sagaque
1767 863 1972 943 meden'cti

636 1013 957 1091 exercitatione
983 1007 1210 1117 descensu,
1229 1011 1275 1088 in
1296 1019 1492 1116 suscepto
1521 1002 1674 1085 labore
1702 1000 1966 1109 despondere

644 1149 890 1254 capessens,
916 1143 1052 1246 Tute,
1076 1154 1152 1229 cui
1171 1159 1341 1256 pruter
1360 1144 1579 1226 excellens
1597 1169 1774 1220 morum
1804 1167 1858 1217 ac
1876 1165 1967 1216 om·

639 1288 765 1364 nium
803 1287 1139 1398 disciplinarum
1182 1300 1497 1369 ornamentum
1533 1350 1546 1385 ‚
1590 1287 1756 1364 esirnia
1780 1307 1965 1390 prorsus

639 1455 696 1508 ac
723 1429 963 1539 singularis
989 1437 1183 1540 ingenii,
1213 1435 1335 1530 oris,
1376 1429 1747 1536 humanitatisque
1774 1427 1967 1506 suavitas

636 1567 776 1663 ineu,
801 1581 852 1647 ut
869 1571 933 1649 ud
949 1572 1206 1651 earumdem
1228 1571 1423 1653 cultores
1437 1566 1664 1675 eruendos
1686 1559 1968 1642 recreandos·

641 1733 728 1817 que
755 1737 844 1788 non
873 1727 1076 1790 assuetus
1102 1715 1260 1805 modo,
1290 1712 1371 1791 sed
1397 1716 1578 1791 omnino
1599 1706 1754 1813 sactus
1781 1731 1873 1783 esse
1899 1701 1968 1777 ui-

639 1844 803 1942 deoru,
824 1875 897 1923 me
916 1852 1116 1954 primum
1150 1846 1301 1924 aticcri
1321 1856 1553 1952 erectoque
1580 1846 1731 1919 animo
1759 1868 1850 1918 esse
1865 1840 1966 1943 jus·

639 1987 741 2060 sisti
755 2014 771 2085 ,·
801 1984 955 2063 ctiiude
981 2010 1068 2092 quo
1096 1985 1242 2065 studio
1269 1988 1467 2094 impenso
1500 2042 1512 2075 ‚
1543 2007 1598 2059 ac
1625 1977 1766 2057 suada
1786 1973 1967 2081 jacun-

635 2120 710 2201 dia
736 2124 858 2232 apriti
887 2118 1137 2235 Principem
1172 2123 1433 2234 Optimum,
1463 2123 1761 2204 doctissunum
1792 2109 1967 2192 Prcesi-

639 2259 766 2362 dem,
795 2268 1139 2372 sapientissimos
1167 2264 1351 2374 hujusce
1378 2263 1585 2345 Romani
1598 2257 1969 2368 Archigumnosii

636 2395 946 2482 Moderatores
965 2404 1018 2482 de
1037 2401 1356 2512 amplificando
1386 2401 1601 2482 bonarum
1630 2401 1796 2489 artium
1827 2395 1967 2505 splen·

637 2539 744 2620 dore
778 2544 971 2648 mirifica
1009 2547 1265 2622 onunorum
1303 2545 1583 2622 consentione
1610 2541 1850 2646 cogitantes
1878 2559 1964 2609 an·

633 2690 706 2756 teo
723 2675 1002 2786 perfeceras,
1036 2693 1088 2769 ut
1114 2679 1438 2760 nonnullarum
1455 2674 1745 2759 Facultatum
1775 2674 1963 2754 clemen-

636 2832 714 2918 ta,
739 2827 904 2930 quirin
925 2817 1014 2900 huc
1032 2818 1309 2929 amplissima
1330 2813 1368 2900 S
1368 2822 1573 2928 apientite
1592 2817 1691 2895 serie
1717 2813 1863 2895 adhuc
1891 2815 1963 2894 de·

636 2955 973 3055 siderabantur‚
1007 2989 1063 3040 ac
1085 2960 1339 3068 proesertim
1369 2969 1556 3067 utruque
1575 2949 1744 3040 Clinice
1761 3017 1771 3053 ‚
1788 2951 1962 3033 Mettica

635 3098 835 3179 uidelicet
860 3113 904 3178 et
934 3096 1200 3207 Chirurgica
1237 3099 1300 3178 ad
1330 3125 1612 3179 comumnem
1643 3097 1840 3175 omnium
1874 3094 1961 3170 uti-

638 3233 837 3329 litatem,
859 3267 915 3318 uc
943 3267 1054 3316 mem
1062 3244 1206 3318 oriam
1226 3239 1526 3350 Pontficotus
1551 3241 1823 3317 excitaretur
1847 3261 1962 3312 seru·

624 3379 857 3481 piternam
873 3405 891 3478 ‚·
909 3375 1063 3455 eadem
1081 3439 1093 3473 ,
1108 3379 1311 3484 inquam,
1338 3405 1472 3483 opem
1500 3380 1692 3470 curasti,
1713 3386 1765 3453 ut
1779 3373 1853 3450 uel
1876 3372 1959 3452 Itoc

624 3514 919 3621 perexiguum
952 3517 1175 3593 tenuitatis
1194 3540 1249 3592 ac
1265 3512 1498 3593 industria>
1525 3542 1637 3591 nece
1664 3517 1709 3592 iu
1727 3539 1776 3588 re
1803 3509 1960 3590 herba-

634 3661 703 3736 ria
735 3668 959 3736 tentamen
989 3667 1095 3736 ante
1130 3667 1357 3735 tantorum
1391 3660 1589 3738 uirorum
1625 3657 1777 3735 oculos
1804 3657 1958 3737 obuer-

632 3805 813 3874 saretur
829 3855 839 3893 ,
857 3805 903 3873 et
922 3805 1266 3907 peropportunis
1294 3792 1494 3879 subsidiis
1522 3794 1730 3876 olendum
1752 3861 1764 3892 ,
1789 3826 1844 3879 ac
1869 3826 1961 3879 sus·

636 3932 899 4013 tentandum
931 3935 1181 4015 uideretur.
1211 3933 1254 4017 Γ
1250 3943 1353 4046 ujus
1381 3940 1561 4050 quidem
1588 3939 1862 4048 perhumani
1884 3937 1958 4046 of·

634 4069 731 4161 ficii
757 4066 877 4170 Tui,
906 4073 1114 4155 simulet
1142 4103 1363 4184 supremae
1397 4106 1453 4158 aa
1482 4075 1886 4181 benefiaentissimae
1912 4083 1959 4159 iu

630 4235 703 4288 me
731 4208 972 4292 uoluntatis
1001 4242 1101 4294 cum
1130 4213 1241 4296 mihi
1265 4244 1324 4295 ex
1349 4243 1401 4295 eo
1422 4221 1700 4324 potissimum
1730 4220 1958 4327 proeclaru

630 4359 866 4455 suppetant
893 4367 1190 4457 argumenta,
1209 4356 1332 4465 quod
1357 4355 1524 4436 seilicet
1548 4387 1619 4437 mc
1637 4362 1832 4439 nominis
1853 4388 1957 4469 pro-

622 4512 684 4595 pe
710 4487 876 4567 nullius
900 4487 1122 4571 homiuem
1138 4494 1472 4602 perhonorifice
1494 4496 1540 4576 in
1561 4495 1844 4580 celeberrima
1869 4494 1956 4576 Ur·

628 4618 692 4706 bit
716 4623 963 4710 Academia
992 4631 1184 4710 alterum
1213 4631 1454 4716 Botunices
1484 4642 1744 4744 magistrum
1774 4667 1831 4716 ee
1859 4641 1954 4721 Pa-
