4326 6006
654 548 681 627 6

648 705 805 823 plices‚
822 703 1071 820 compressi.
1103 699 1290 817 Spicutae
1309 713 1481 801 erectae,
1503 699 1650 787 colore
1675 701 1982 791 subcoeruleo·

645 846 773 935 viridi
803 847 1055 961 variegatae,
1074 843 1155 928 sub
1183 841 1426 943 sex-florae,
1458 840 1589 929 valva
1612 842 1816 957 calycina
1845 843 1981 930 altera

645 985 849 1072 urinimu.
877 987 1038 1072 Gluma
1065 980 1276 1068 corolliua
1305 979 1496 1066 exterior
1529 979 1654 1095 apice
1675 981 1865 1084 cristata,
1888 982 1977 1067 ari·
2032 993 2035 997 ’

646 1141 707 1212 sta
725 1129 923 1238 ejusdem
953 1159 1056 1213 cum
1085 1126 1234 1241 glume
1255 1123 1541 1236 longitudinis
1569 1190 1580 1225 ‚
1603 1122 1804 1225 carinam,
1832 1122 1980 1207 carina

644 1268 901 1383 subaspera,
932 1284 1139 1353 caeterum
1169 1265 1321 1379 glabra
1348 1295 1360 1363 3
1388 1263 1570 1352 interior
1603 1261 1805 1375 margine
1834 1261 1979 1348 utrin-

646 1439 733 1525 que
763 1406 1142 1494 barbato-uitiata.

762 1544 1074 1655 Vulgatissima
1101 1546 1145 1628 in
1175 1543 1324 1631 Litore
1354 1565 1540 1629 arenoso
1559 1539 1696 1628 Maris
1725 1572 1753 1624 a
1787 1542 1921 1626 Ostia
1949 1574 1976 1626 e

647 1725 676 1775 a
702 1693 745 1775 F
744 1697 969 1775 ἰιιηιίοἰηο.

643 1825 791 1911 Floret
820 1825 970 1908 Juuiu.
1004 1825 1126 1907 Aun.

764 1963 863 2048 Hoc
881 1960 1229 2077 pulcherrimum
1247 1989 1429 2070 gramen
1448 2027 1460 2061 ,
1476 1990 1565 2075 quo
1589 1961 1689 2046 itala
1710 1961 1838 2049 Flora
1863 1993 1888 2048 u
1910 1993 1982 2051 ce-

647 2096 884 2185 leberrimo
903 2097 1115 2184 Michetio
1144 2097 1276 2183 ditata
1305 2097 1402 2200 fuit,
1431 2125 1584 2182 omues
1608 2096 1690 2182 mei
1718 2097 1861 2181 Amici
1886 2101 1967 2184 Bo·

650 2237 799 2338 tanim,
822 2238 981 2354 quibus
1012 2235 1119 2320 illud
1147 2236 1264 2320 douc
1293 2234 1387 2320 misi
1406 2303 1417 2336 ,
1436 2235 1563 2319 valde
1594 2246 1767 2347 gratum
1788 2248 1830 2319 et
1851 2263 1974 2322 acce·

648 2386 773 2490 ptum
803 2375 1027 2462 habuere.
1059 2372 1162 2460 Non
1192 2371 1405 2463 convenit
1433 2370 1546 2457 inter
1576 2370 1753 2457 eosdem
1784 2369 1831 2454 in
1862 2369 1980 2455 assi·

649 2511 825 2626 guuuda
855 2511 1001 2628 specie
1021 2514 1230 2627 adquam
1255 2523 1480 2626 spectaret.
1510 2508 1599 2593 Alii
1629 2507 1848 2623 siqnidem
1876 2508 1969 2622 opi·

647 2649 866 2735 nabautur
892 2680 990 2733 earu
1017 2679 1109 2735 esse
1127 2651 1366 2735 Festucauz
1385 2651 1583 2734 ciliman
1607 2646 1839 2730 Persecuti?
1863 2709 1875 2746 ‚
1904 2645 1979 2732 alii

647 2785 692 2869 F
691 2798 888 2868 estucam
911 2788 1172 2896 alopecurus
1199 2788 1489 2870 Schourberii.
1522 2781 1795 2867 Clarissimus
1816 2783 1970 2867 Drmi-

646 2945 731 3007 nus
756 2922 990 3034 Gajetanus
1008 2921 1109 3009 Sevi
1131 2921 1238 3007 mihi
1259 2920 1546 3007 amicissimus
1576 2920 1809 3006 illustrator
1852 2918 1979 3006 iude·

648 3059 786 3147 fessus
816 3060 1063 3176 specierum
1099 3064 1164 3145 sui
1204 3057 1401 3147 concivis
1440 3054 1632 3144 botanici
1662 3087 1688 3142 a
1719 3056 1973 3144 recentibus

649 3198 948 3309 neglectarum
971 3197 1269 3283 reducendam
1290 3193 1555 3284 existimavit
1572 3195 1628 3278 ad
1645 3195 1688 3278 F
1692 3211 1889 3279 estunam
1919 3201 1975 3281 ci·

650 3341 809 3421 liatam
842 3338 1098 3440 Persecuti,
1131 3352 1175 3424 et
1200 3336 1479 3423 referendam
1507 3334 1564 3420 ad
1593 3366 1732 3449 genus
1759 3340 1971 3449 Bromun·

651 3476 772 3592 quod
800 3475 979 3591 quidem
1007 3478 1100 3585 jure
1126 3477 1289 3563 fuctum
1318 3506 1411 3565 esse
1446 3476 1606 3587 judico.
1632 3477 1686 3563 Et
1704 3507 1859 3565 revera
1877 3480 1978 3564 Per·

649 3616 826 3706 soouius
852 3648 940 3703 suae
963 3620 1165 3705 Festucoe
1193 3625 1357 3706 cz‘llatoe
1387 3619 1536 3706 tribuit
1564 3619 1798 3737 pulchrum
1828 3618 1977 3706 chara·

647 3770 814 3844 cterem
832 3757 1007 3844 alterius
1027 3789 1082 3845 ex
1102 3759 1242 3848 valvis
1262 3761 1576 3878 calyciualibus
1608 3759 1969 3876 minin1ae‚quod

650 3882 770 3977 haud
798 3894 1047 3980 enuntiatur
1064 3894 1120 3982 de
1135 3897 1325 3983 Festuca
1344 3901 1603 4013 alopecurus
1627 3926 1773 4015 neque
1793 3929 1818 3984 a
1838 3900 1973 3984 Scho-

651 4029 825 4116 usberio
853 4031 1032 4140 hujusce
1059 4033 1218 4150 speciei
1251 4033 1493 4138 inventore,
1517 4066 1662 4152 neque
1685 4038 1979 4127 aWildeno·

649 4166 761 4268 vie,
792 4197 938 4283 neque
969 4201 991 4253 a
1022 4170 1272 4258 Persoonio.
1306 4174 1403 4259 lmo
1432 4172 1649 4260 Poiretius
1678 4174 1725 4260 in
1744 4175 1971 4289 Supplem.

650 4309 903 4422 EncycIup.
925 4325 954 4393 t.
974 4342 1010 4394 2.
1023 4344 1070 4423 p.
1088 4314 1183 4399 636.
1216 4315 1432 4402 disserens
1461 4315 1517 4401 de
1549 4317 1591 4400 F
1589 4331 1739 4400 estuca
1768 4318 1980 4429 alopecu-

652 4475 732 4530 rus
751 4462 899 4564 aperte
922 4478 1001 4533 uos
1020 4450 1257 4559 admonet,
1278 4456 1431 4544 valvas
1452 4453 1717 4569 calycinales
1738 4454 1864 4564 hujus
1882 4482 1977 4570 spe·

650 4583 742 4675 ciei
771 4584 884 4671 inter
910 4614 1002 4673 sese
1030 4592 1220 4706 aequales
1249 4623 1355 4681 esse.
1385 4590 1505 4683 Hinc
1534 4590 1830 4707 pretermissis
1865 4591 1978 4678 notis
