4326 6006
1476 569 1522 630 11

312 692 651 813 Vulgatissimus
671 727 909 790 romanum
928 731 1009 824 per
1025 730 1181 821 agrum
1199 771 1211 810 ‚
1233 704 1455 824 praecipue
1480 705 1527 793 in

200 835 368 953 pratis,
399 835 445 925 in
475 841 610 928 hortis
638 854 720 928 etc.

312 975 462 1064 Floret
490 982 683 1084 Martio,
713 979 887 1098 Aprili,
915 985 1108 1071 Perenn.

313 1115 425 1203 Haec
455 1115 603 1233 planta
641 1121 891 1209 communis
925 1148 1016 1205 non
1051 1123 1197 1211 solum
1227 1122 1413 1227 Romae,
1448 1123 1529 1211 sed

202 1271 246 1346 et
272 1257 319 1344 in
346 1274 433 1346 tota
465 1261 740 1348 meridionali
774 1277 897 1380 parte
932 1263 1069 1354 ltaliae
1106 1295 1262 1383 parum
1298 1265 1528 1353 innotescit

198 1396 420 1486 Botanicis
447 1398 526 1514 qui
555 1430 646 1487 non
675 1399 843 1517 degunt
870 1402 951 1488 sub
986 1403 1071 1529 hoc
1101 1401 1219 1489 felici
1250 1401 1394 1488 Coelo.
1423 1401 1526 1487 Ico-

199 1568 278 1626 nes
307 1571 406 1658 quae
437 1543 494 1631 de
522 1539 615 1658 ipsa
644 1556 791 1631 extant
821 1574 960 1664 penes
995 1559 1165 1633 veteres
1200 1558 1400 1631 auctores
1428 1554 1529 1629 sunt

200 1710 357 1768 omnes
387 1682 615 1798 insculptae
644 1682 767 1797 ligno
800 1749 814 1788 ,
855 1697 899 1771 et
927 1680 1251 1770 characteribus
1284 1679 1527 1768 destitutae.

199 1816 318 1908 Mihi
345 1817 492 1906 visum
523 1830 588 1906 est
607 1836 786 1935 ‘gratum
816 1820 1033 1908 facturum
1064 1818 1283 1906 Botanicis
1313 1817 1528 1905 tradendo

202 1955 402 2074 ejusdem
428 1956 610 2046 Iconem
641 1986 729 2044 :ere
758 1957 944 2047 incisam
962 1957 1009 2043 in
1025 1955 1111 2043 hoc
1139 1956 1275 2043 altero
1302 1951 1524 2041 fasciculo.

201 2098 307 2185 Non
339 2128 495 2216 parum
523 2095 634 2184 mihi
662 2094 862 2214 displicet
889 2095 1012 2182 illam
1043 2126 1135 2185 non
1159 2093 1300 2184 -fuisse
1333 2091 1530 2214 perfecte

203 2265 485 2356 expressam
513 2232 735 2353 siquidem
762 2234 811 2322 in
839 2265 893 2324 aa
919 2232 1223 2323 desiderantur
1249 2232 1315 2320 illi
1344 2231 1529 2348 anguli,

205 2375 281 2497 qui
308 2388 556 2463 constanter
576 2374 870 2463 observantur
888 2372 934 2460 in
955 2373 1119 2460 corolla
1137 2439 1150 2478 ,
1168 2401 1369 2492 quosque
1397 2374 1531 2461 aduo

201 2514 292 2608 tavi
322 2514 369 2602 in
397 2514 541 2634 phrasi
570 2511 776 2633 specifica
796 2547 809 2618 ;
827 2529 869 2603 et
897 2511 1064 2600 corolla
1091 2527 1274 2633 apparet
1302 2512 1527 2630 aliquanto

201 2653 424 2778 patentior
451 2684 589 2772 quam
618 2652 730 2742 ferat
756 2669 913 2742 natura
936 2648 1021 2767 rei,
