4326 6006
1030 555 1035 591 l

187 743 287 841 loco
307 752 420 842 inter
447 784 610 844 messes
640 756 686 843 in
716 757 810 844 solo
840 753 1016 874 pingui,
1036 752 1113 842 nbi
1142 753 1281 872 magis
1308 752 1518 861 luxuriat,

190 911 231 984 et
263 899 454 986 maxime
484 901 675 988 oblectat
702 899 791 987 suis
821 896 947 986 luteis
975 896 1184 1003 floribus,
1208 898 1284 1015 qni
1316 895 1519 1013 permixti

188 1035 482 1127 viridantibus
511 1040 656 1158 campi
685 1038 823 1126 aristis
855 1051 1009 1125 mutua
1044 1036 1347 1127 vicissitudine
1379 1037 1521 1154 magis

190 1191 395 1263 emicant.

307 1318 505 1434 Quatuor
523 1315 683 1404 abhinc
709 1316 835 1405 annis
860 1315 1112 1404 detexeram
1143 1315 1259 1402 hanc
1281 1310 1524 1432 pulcherri-

189 1483 312 1543 mam
332 1459 541 1575 plantam.
573 1462 757 1548 Dudum
778 1459 887 1549 mihi
908 1457 1178 1546 contendere
1204 1453 1399 1574 oportuit
1418 1484 1523 1541 cnm

193 1595 344 1686 arrricis
370 1601 587 1689 Butanicis
606 1633 716 1692 num
738 1600 794 1686 ad
811 1595 1052 1717 quodpiam
1082 1608 1286 1680 notorum
1311 1624 1527 1709 generum

189 1733 425 1823 referenda
454 1739 529 1824 illa
557 1753 699 1842 esset,
727 1768 783 1822 an
814 1766 979 1822 novum
1010 1763 1149 1850 genus
1180 1732 1523 1820 efformandnm.

192 1875 374 1990 Anceps
401 1875 486 1961 hac
513 1901 649 1993 super
676 1905 724 1962 re
753 1874 899 1962 adhuc
928 1872 1153 1960 haerebam
1177 1901 1280 1958 cum
1302 1871 1527 1988 sagacissi-

191 2044 292 2103 mus
311 2014 535 2102 Bertoloni
551 2013 791 2101 Botanicus
807 2010 1043 2100 Januensis
1065 2009 1200 2100 valde
1227 2010 1527 2106 benemeritus

195 2156 252 2243 de
280 2158 382 2244 itala
403 2159 436 2243 F
440 2159 532 2243 lora
551 2157 595 2242 in
615 2156 771 2241 Diario
802 2154 1010 2242 botanico
1040 2153 1267 2272 parisiensi
1297 2155 1526 2268 evulgavit

194 2295 280 2381 hoc
310 2325 481 2386 novum
509 2324 649 2410 genus
678 2324 703 2378 a
730 2322 777 2381 se
804 2307 1030 2412 repertum
1051 2292 1096 2378 in
1117 2291 1299 2404 Liguria
1326 2291 1434 2378 illud
1465 2293 1529 2379 in-

196 2433 388 2522 scribens
406 2432 470 2520 Cl.
490 2432 654 2522 Joanni
675 2431 932 2549 Briguolin,
966 2432 1148 2549 ejusque
1176 2430 1332 2521 illustri
1364 2464 1529 2550 cogno·

198 2580 319 2663 mine
350 2604 577 2663 exornans.

310 2714 407 2827 Ego
437 2728 480 2801 et
507 2744 672 2804 nomen
701 2728 746 2804 et
772 2745 912 2831 genus
944 2713 1090 2802 statim
1127 2718 1355 2834 amplexus
1395 2752 1523 2828 sum,

200 2850 399 2969 illudque
427 2854 809 2967 religioseyservm
849 2887 954 2943 curn
991 2856 1315 2957 honorificum,
1347 2889 1398 2944 ac
1429 2859 1528 2974 glo-

199 2990 367 3078 riosum
395 2990 450 3079 sit
468 2993 710 3098 Botani00‚
732 2995 806 3110 qui
831 2993 997 3107 ingenii
1020 2995 1089 3079 sni
1117 2996 1231 3083 vires
1260 2997 1531 3114 periclitatur

42 3221 50 3235 ⁰
86 3209 91 3239 2
202 3126 246 3211 in
266 3127 485 3215 laborioso
504 3131 647 3217 studio
662 3133 804 3218 Florae
823 3129 948 3218 italae.
967 3131 1146 3218 Utinam
1166 3133 1528 3251 aliquando'huic

204 3266 328 3385 operi
358 3269 498 3357 arduo
527 3299 661 3376 sane,
683 3301 733 3359 ac
760 3269 1010 3391 perdifficili
1040 3291 1234 3364 extrema
1265 3306 1421 3366 manus
1449 3276 1527 3369 im·

205 3410 415 3528 ponatur!
