4326 6006
460 744 507 804 aa
541 777 553 820 ,
601 709 751 800 medio
786 710 956 824 majore
984 708 1192 828 petiolato
1219 707 1386 825 petiolo
1414 703 1675 797 articulatos

464 856 646 973 Stipulae
673 854 949 959 lanceolatae,
979 850 1439 966 laciniatae,margiue
1469 849 1674 966 aliquan·

434 1066 440 1079 .
465 998 609 1086 tulum
640 999 840 1086 reflexae.
868 997 902 1082 F
906 998 1018 1085 lores
1047 994 1569 1110 racemoso-subspicati‚
1599 1020 1674 1077 re-

462 1136 564 1224 flexi
583 1170 594 1238 ;
614 1135 851 1254 pedunculi
879 1133 1154 1232 brevissimi,
1172 1133 1324 1248 calyce
1358 1131 1541 1218 dimidio
1569 1132 1675 1218 bre-

462 1273 607 1362 viores
625 1262 638 1349 ·'
663 1274 801 1388 Galyx
827 1272 984 1386 glaber
1011 1271 1213 1359 dentibus
1243 1270 1528 1371 lanceolatis‚
1566 1295 1675 1354 acu-

463 1415 545 1520 tis,
574 1414 839 1534 aequalibus
864 1414 1079 1503 vexillum
1108 1413 1186 1500 alis
1216 1412 1504 1527 subaequale.
1531 1410 1672 1524 Legu-

470 1586 578 1643 men
593 1554 940 1658 subrutundum,
960 1536 1191 1670 rugosum,
1207 1582 1598 1668 moncspermum,
1614 1580 1678 1635 ra·
1795 1645 1801 1656 ‚

462 1691 633 1778 rissime
662 1691 966 1806 dispermum.

407 1828 511 1916 Una
555 1829 779 1913 dumtaxat
819 1830 1090 1945 comparatio
1121 1833 1427 1917 characterum
1459 1827 1675 1913 indicato-

463 1997 563 2053 rum
592 1968 637 2051 in
665 1995 797 2083 supra
818 1967 946 2053 allata
965 1967 1208 2054 Liunaeaua
1234 1968 1381 2086 phrasi
1401 1998 1581 2085 parum,
1605 1977 1680 2051 aut

358 2171 369 2187 .
465 2101 578 2190 nihil
619 2104 873 2191 couferebat
913 2104 970 2190 ad
1010 2105 1196 2215 hujusce
1223 2105 1389 2222 speciei
1424 2106 1683 2192 notionema

324 2278 337 2311 ··
466 2240 511 2327 Is
550 2241 702 2328 tribuit
737 2270 816 2327 suo
848 2239 958 2325 Italo
986 2240 1175 2326 Trifolio
1219 2243 1428 2355 legumen
1467 2267 1682 2357 u-sper-

464 2413 617 2481 mum,
668 2397 711 2465 et
739 2382 890 2465 foliola
919 2382 1090 2495 integra
1120 2381 1287 2467 nullam
1316 2382 1505 2469 innuens
1532 2381 1678 2468 varie-

469 2529 631 2606 tatem·
661 2517 927 2604 Examinatis
956 2548 1093 2624 veru,
1121 2532 1276 2634 ¹atque
1305 2519 1505 2635 expensis
1536 2520 1684 2636 Syrio,-

468 2655 601 2742 uimis
631 2654 810 2770 abipso
840 2654 1022 2740 Linnaao
1049 2655 1212 2759 citatis,
1243 2685 1296 2741 ac
1326 2655 1568 2772 praesertim
1599 2654 1686 2741 illis

467 2791 713 2896 Bauhinii,
746 2805 789 2880 et
816 2793 1056 2881 Camerarii
1084 2795 1250 2882 eruitur
1278 2796 1528 2907 hujusmodi
1557 2796 1685 2884 Meli-

466 2933 607 3020 lotum
639 2931 796 3019 variari
824 2933 965 3017 solere
993 2932 1219 3042 legumine
1251 2930 1382 3015 ruodo
1411 2932 1555 3034 unius,
1590 2963 1680 3016 mo-

472 3069 531 3155 do
560 3069 750 3152 duorum
779 3065 1032 3167 seminum,
1071 3065 1185 3153 foliis
1213 3064 1419 3178 integrm,
1450 3095 1501 3153 ac
1533 3066 1683 3152 denta-

472 3209 554 3295 tis.
583 3207 736 3299 Nihilo
767 3205 908 3293 minus
938 3237 1193 3322 persuasum
1223 3206 1334 3297 mihi
1362 3236 1456 3293 nun
1484 3220 1575 3293 erat
1604 3237 1685 3293 no-

471 3359 606 3432 stram
638 3345 835 3461 plantam
865 3342 1114 3458 simplicem
1144 3373 1238 3432 esse
1266 3343 1546 3447 varietatem,
1576 3373 1680 3431 cum

477 3483 581 3570 insit
610 3485 672 3572 illi
690 3487 898 3596 legumen
920 3497 1169 3571 constanter
1187 3512 1576 3599 monospermum,
1598 3513 1682 3571 nec

360 3706 364 3713 .
472 3636 566 3710 non'
593 3622 697 3709 folia
727 3622 953 3735 eleganter
970 3620 1180 3724 dentata,
1210 3635 1256 3708 ut
1287 3620 1400 3708 mihi
1429 3635 1548 3711 certo
1577 3650 1683 3710 cun-

476 3761 614 3846 stabat
657 3790 710 3846 ex
752 3758 861 3843 inito
889 3762 1093 3856 examine
1121 3761 1492 3875 super—sexcentis
1520 3759 1685 3845 indivi-

474 3898 603 3984 duis.
631 3899 731 3981 Hoc
762 3927 878 3981 annu
908 3926 1047 3987 unum
1076 3927 1131 3983 ex
1162 3897 1280 3986 hisce
1308 3896 1688 3985 individuismihi

470 4035 550 4121 fuit
583 4035 902 4151 praemunibus
941 4099 953 4140 ‚
1001 4033 1085 4125 cui.
1112 4036 1283 4124 inerant
1315 4045 1472 4124 revera
1499 4035 1691 4120 duuse-

359 4236 365 4249 ·
476 4175 597 4262 mina
625 4175 672 4262 in
702 4173 926 4290 legumine
959 4236 970 4277 ‚
1019 4188 1150 4291 atque
1190 4171 1298 4260 item
1335 4172 1530 4261 dentata·
1552 4172 1691 4259 folia.

481 4315 633 4428 Quare
662 4344 741 4428 pro
772 4330 998 4429 comperto
1032 4312 1174 4402 haheo
1204 4340 1297 4401 esse
1329 4341 1482 4402 veram
1511 4323 1555 4399 et
1582 4312 1689 4398 sim-
1773 4382 1778 4392 ,

476 4449 639 4567 pliccm
669 4450 927 4538 varietatem
951 4451 1132 4565 Trifirlii
1147 4451 1522 4566 Italici.L·quanr
1550 4448 1689 4536 innuo

444 4586 522 4673 ,in
552 4584 698 4703 phrasi
734 4586 969 4702 specifica,
1018 4602 1065 4674 ut
1108 4583 1538 4703 urnnisambiguitas
1565 4583 1690 4670 aufe-

477 4736 628 4815 ratur.
1132 4723 1135 4726 ’
1292 4722 1324 4806 h
1390 4811 1392 4815 ,
