4326 6006
416 619 470 672 aa

409 756 459 844 ni
489 754 760 855 Camerarii‚
789 783 888 869 quae
919 752 976 839 ad
1006 780 1204 867 unguem
1231 750 1366 838 relata
1405 751 1539 838 suita
1571 757 1738 844 Rauhi-

413 925 490 1000 n0,
511 907 554 979 et
581 890 826 979 Morisonio
840 954 853 994 ‚
876 890 996 977 nulla
1024 888 1305 1006 superaddita
1334 886 1734 984 animadversione.

413 1035 634 1123 Caeterum
661 1033 915 1144 hujusmodi
945 1031 1044 1118 icon
1075 1030 1246 1148 penitus
1276 1030 1429 1117 falsam
1462 1031 1589 1119 nobis
1619 1034 1740 1151 inge·

410 1170 467 1258 rit
494 1169 798 1285 cognitionem
827 1170 882 1257 de
911 1169 994 1255 hac
1023 1167 1200 1287 specie.
1241 1167 1321 1252 llla
1358 1166 1476 1254 enim
1515 1170 1738 1284 praesefert

412 1307 812 1425 plantamsimplioi
824 1306 987 1410 caule,
1009 1305 1209 1392 solitariis
1237 1305 1419 1393 floribus
1438 1305 1481 1392 in
1501 1306 1641 1394 axillis
1669 1308 1741 1394 fo-

412 1444 575 1533 liorum
598 1446 887 1532 instructam.
922 1445 1044 1531 Inter
1072 1444 1210 1531 multa
1248 1444 1475 1532 individua
1504 1477 1530 1532 a
1569 1477 1641 1535 me
1670 1450 1738 1535 in-

413 1600 585 1704 specta,
612 1600 659 1672 et
685 1614 900 1702 perpensa
927 1584 1105 1672 nullum
1135 1584 1263 1701 plane
1292 1588 1438 1704 reperi
1472 1589 1597 1678 caule
1631 1589 1742 1677 sirn-

411 1721 515 1838 plici
545 1721 805 1840 praeditnm,
837 1736 879 1811 et
907 1721 1119 1808 solitarius
1147 1721 1278 1808 flores
1311 1723 1357 1809 in
1386 1724 1596 1812 foliorum
1625 1728 1736 1814 axil-

411 1860 464 1949 lis
493 1876 685 1976 gestans.
718 1858 1020 1945 Animadverti
1048 1858 1272 1944 dumtaxat
1307 1888 1540 1946 numerum
1572 1861 1734 1948 florum

410 1998 457 2085 in
488 2028 713 2084 ramorum
742 1995 865 2113 apice
894 1994 940 2079 in
968 1994 1209 2112 capitulum
1238 1995 1524 2083 collectorum
1553 1997 1723 2084 variare

413 2163 438 2218 a
469 2136 494 2217 5
521 2132 577 2216 ad
606 2168 664 2248 9,
694 2130 764 2216 vel
799 2160 876 2235 ro,
907 2129 968 2214 uti
998 2129 1130 2215 etiam
1159 2131 1204 2214 in
1235 2134 1366 2217 ramis
1399 2131 1537 2245 magis
1566 2131 1727 2218 sterili-

412 2274 494 2359 bus
523 2305 768 2392 numquam
794 2273 1066 2389 deprehendi
1088 2272 1235 2359 minus
1254 2273 1307 2356 3.
1339 2272 1415 2359 Nil
1435 2272 1594 2357 mirum
1613 2273 1738 2386 quod

415 2415 652 2505 Camerarii
682 2417 778 2504 icon
818 2417 932 2503 adeo
964 2446 1120 2535 parum
1148 2429 1350 2501 accurata
1384 2415 1596 2520 evaserit,
1630 2445 1736 2502 cum

414 2555 599 2671 ipsemet
633 2560 758 2645 nobis
788 2558 973 2645 fateatur
1007 2585 1053 2643 se
1090 2556 1209 2644 illam
1253 2551 1564 2639 delineandam
1596 2581 1741 2640 curas·

414 2722 460 2778 se
488 2722 543 2780 ex
571 2695 686 2783 sicco
714 2696 989 2812 specimine.
1024 2693 1093 2782 Ut.
1118 2723 1217 2781 reor
1255 2693 1300 2778 id
1340 2691 1567 2809 specimen
1603 2692 1737 2778 fuerit

411 2825 567 2943 aliquis
595 2860 649 2916 ex
676 2831 961 2918 deterioribus
994 2833 1166 2937 ramis,
1196 2831 1271 2949 qui
1306 2829 1531 2948 praeferret
1563 2826 1737 2945 capitu·

413 2969 504 3057 lum
537 2971 785 3078 3=flurum‚
805 2987 849 3060 et
878 3003 1033 3062 revera
1061 2975 1150 3060 duo
1180 2974 1320 3063 ultimi
1350 2974 1478 3063 llorss
1507 2974 1551 3061 in
1582 2975 1742 3089 praedi·

415 3123 481 3197 cta
510 3110 651 3226 figura
681 3125 895 3231 apparent
923 3112 1035 3199 inter
1060 3141 1155 3200 sese
1183 3111 1368 3198 minimo
1390 3111 1622 3200 intervallo
1650 3111 1738 3197 dis·

414 3248 503 3334 siti.
534 3251 777 3367 Reliquum
806 3267 954 3340 autem
986 3250 1120 3337 caulis
1148 3279 1287 3366 usque
1315 3251 1371 3335 ad
1400 3249 1739 3364 radicem‚quae

414 3404 595 3506 apparet
617 3390 667 3476 in
694 3391 880 3507 ligura,
922 3394 1087 3511 absque
1131 3393 1266 3480 ramis
1295 3421 1345 3477 ac
1375 3392 1503 3478 valde
1532 3389 1740 3481 foliosum
1852 3485 1878 3502 ,,

416 3525 571 3639 procul
598 3529 735 3616 dubio
756 3531 825 3619 vel
843 3531 1047 3619 Auctoris
1075 3527 1418 3646 imaginatione,
1438 3530 1510 3620 vel
1536 3529 1643 3618 falsa
1661 3531 1737 3619 do·

416 3665 575 3753 natoris
604 3668 813 3757 relatione
841 3670 972 3758 fuerit
1006 3671 1252 3759 suffectum.

526 3806 959 3927 Quomodocumque
994 3838 1041 3897 se
1079 3841 1149 3899 res
1184 3810 1344 3899 habeat
1385 3826 1563 3916 nostra,
1602 3840 1741 3928 quam

420 3943 705 4054 exhibemus,
726 3946 828 4037 icon
859 3946 1081 4068 praesefert
1109 3979 1285 4036 ramum
1314 3949 1471 4067 plantae
1499 3948 1589 4037 suis
1616 3948 1740 4037 flori-

410 4083 491 4172 bus
521 4103 751 4192 ornatum‚
787 4106 918 4208 atque
948 4120 1086 4180 unum
1116 4122 1171 4180 ex
1204 4089 1482 4179 inferioribus
1509 4089 1624 4179 foliis
1653 4120 1739 4178 na-

417 4223 566 4310 turalis
608 4227 919 4342 magnitudinis
948 4293 960 4335 ,
989 4261 1088 4345 quae
1121 4260 1275 4318 veram
1308 4230 1475 4346 praebet
1507 4227 1741 4316 notionem

412 4360 573 4474 plantae
604 4397 616 4449 ε
653 4382 695 4453 et
730 4395 835 4454 ecce
867 4367 1062 4485 plantam
1098 4369 1347 4486 syriacam,
1382 4369 1739 4474 maurusiacam‚

410 4497 641 4616 hispanam
659 4565 670 4607 ,
688 4518 730 4589 et
759 4517 999 4590 cretensem
1032 4506 1145 4590 inter
1164 4536 1366 4593 romanas
1394 4506 1563 4624 plantas
1591 4495 1736 4593 adsci-

410 4650 533 4723 tarn.¹
564 4637 640 4726 Est
666 4664 745 4726 cur
771 4642 994 4756 gaudeant
1021 4645 1120 4732 Itali
1148 4643 1344 4732 Botanioi
1374 4643 1638 4762 quodFlora
1663 4670 1742 4759 pa·

420 4778 605 4867 ninsulae
634 4796 794 4870 nostrae
821 4787 992 4901 magis,
1022 4787 1251 4905 magisque
1281 4787 1461 4875 ditescat
1489 4780 1678 4872 inrdi'es!
1745 4854 1749 4861 .
