4326 6006
1434 554 1484 640 17

157 697 213 784 ab
241 697 402 800 eltera3
424 696 578 816 Crepis
596 695 717 783 enim
746 694 921 783 biennis
950 692 1054 784 folia
1080 692 1215 781 habet
1236 691 1482 800 runcinam,

151 834 265 921 lobis
293 835 493 950 margine
527 833 753 952 superiore
792 833 1011 939 dentato,
1040 829 1247 918 inferiore
1277 824 1449 947 integro
1469 863 1486 941 ;¹

154 972 285 1063 flores
312 973 357 1058 in
387 974 601 1090 corymbo
628 971 847 1061 terminali
866 1037 879 1076 ‚
898 972 1044 1059 stricto
1065 1005 1078 1075 ;
1108 972 1378 1088 pedunculos
1401 1002 1483 1058 1·2-

153 1113 286 1203 flores
305 1143 318 1214 ·,
336 1143 532 1230 pappum
563 1109 626 1198 uti
655 1124 700 1198 et
728 1122 976 1199 tomentum
1002 1140 1290 1230 squamarum
1317 1108 1485 1226 calyci-

154 1251 325 1341 nulium
352 1253 533 1341 sordide
562 1255 729 1341 elbum.

244 1391 332 1478 Pro
361 1420 460 1478 mee
486 1422 619 1509 super
646 1390 824 1511 crepido
854 1391 989 1480 latiali
1019 1391 1233 1480 sententia
1260 1391 1487 1477 decertant

156 1529 407 1620 clarissimae
435 1548 550 1620 notae
580 1535 804 1622 Botenici.
837 1537 1038 1639 Verum,
1076 1564 1179 1622 curn
1208 1534 1320 1620 mihi
1349 1535 1484 1651 plano

158 1671 433 1789 exploratum
464 1670 545 1776 sit,
577 1704 711 1788 quam
741 1673 1048 1790 polymorphae
1076 1673 1161 1759 sint
1190 1674 1375 1782 hujusce
1403 1701 1484 1787 ge-

154 1811 271 1898 neris
299 1812 493 1927 species,
523 1811 724 1897 nondum
753 1813 895 1898 habeo
914 1844 994 1929 pro
1031 1826 1257 1927 comperto
1286 1841 1478 1925 pror-sus-

155 1975 215 2033 ne
243 1945 461 2065 discrepet
488 1946 582 2035 haec
611 1949 779 2064 species
809 1979 834 2032 a
865 1950 1044 2065 crepido
1071 1948 1224 2035 bienni
1258 1951 1309 2034 L.
1345 1947 1484 2034 Idcir-

157 2117 211 2176 co
231 2087 429 2178 Lectoris
458 2088 596 2177 oculis
626 2091 792 2202 subjeci
817 2091 997 2176 leonem
1012 2155 1025 2193 ,
1041 2120 1141 2206 quae
1160 2091 1361 2175 Plantam
1391 2121 1484 2209 per·

157 2229 271 2318 fecte
298 2229 508 2334 referret3
537 2243 579 2317 et
608 2229 841 2317 Botanicos
871 2229 1032 2332 etiam,
1064 2242 1195 2345 atque
1227 2232 1359 2319 etiam
1389 2263 1482 2342 oro,

158 2368 440 2485 obsecroque,
459 2381 506 2455 ut
524 2370 645 2455 illam
666 2398 769 2456 cum
787 2369 1098 2486 speciminibus
1116 2369 1369 2462 Linuaeenae
1387 2403 1484 2489 spe·

158 2506 241 2595 ciei
267 2538 451 2595 suorum
478 2507 781 2595 herbariorum
799 2511 1052 2611 conferant,
1075 2508 1272 2627 quidque
1296 2513 1484 2599 sentiant

158 2644 215 2735 de
244 2676 297 2734 ea
324 2649 471 2765 palem
498 2651 1003 2766 exproman130mnibus
1024 2663 1171 2738 autem
1200 2653 1394 2744 exhibeo
1412 2686 1481 2745 se·

136 2774 318 2896 mine,
348 2819 400 2877 ac
429 2789 542 2878 sicce
569 2788 847 2907 specimine,
878 2821 1073 2909 quorum
1101 2792 1483 2890 animadversione

159 2927 404 3020 accuratius
431 2928 579 3017 adhue
606 2927 720 3017 hanc
748 2958 880 3049 super
904 2959 1000 3018 rem
1027 2931 1243 3043 judicium
1270 2934 1425 3024 ferant.
